@misc{Jensen:2015,
	author = {Jensen, Morten Hjort},
	title = {Computational Physics, Lecture notes Fall 2015},
	year = {2015},
	note = {\url{https://github.com/CompPhysics/ComputationalPhysics/blob/master/doc/Lectures/lectures2015.pdf}, Retrieved 6.9.2019}
}

@misc{taut:1993,
  title = {Two electrons in an external oscillator potential: Particular analytic solutions of a Coulomb correlation problem},
  author = {Taut, M.},
  journal = {Phys. Rev. A},
  volume = {48},
  issue = {5},
  pages = {3561--3566},
  numpages = {0},
  year = {1993},
  month = {Nov},
  publisher = {American Physical Society},
  doi = {10.1103/PhysRevA.48.3561},
  url = {https://link.aps.org/doi/10.1103/PhysRevA.48.3561}
}

@misc{Jensen:2019,
	author = "{Department of Physics}",
	title = {Project 2, deadline September 30
Computational Physics I FYS3150/FYS4150 },
	year = {2019},
	month = {Sep.},
	publisher = {University of Oslo}, 
	address = {Norway},
	note = {\url{https://github.com/CompPhysics/ComputationalPhysics/tree/master/doc/Projects/2019/Project2/pdf}, Retrieved 27.9.2019}
}
